<?xml version="1.0" encoding="UTF-8"?>
<collection xmlns:xsi="http://www.w3.org/2001/XMLSchema-instance" xsi:schemaLocation="http://www.loc.gov/MARC21/slim http://www.loc.gov/standards/marcxml/schema/MARC21slim.xsd" xmlns="http://www.loc.gov/MARC21/slim">
<record>
  <leader>01343cam a2200301 a 4500</leader>
  <controlfield tag="001">9618347</controlfield>
  <controlfield tag="003">NNC</controlfield>
  <controlfield tag="005">20140127023051.0</controlfield>
  <controlfield tag="008">120823s1911    ua            000 0 ara d</controlfield>
  <datafield tag="035" ind1=" " ind2=" ">
    <subfield code="a">(OCoLC)856640887</subfield>
  </datafield>
  <datafield tag="035" ind1=" " ind2=" ">
    <subfield code="a">(OCoLC)ocn856640887</subfield>
  </datafield>
  <datafield tag="035" ind1=" " ind2=" ">
    <subfield code="a">(NNC)9618347</subfield>
  </datafield>
  <datafield tag="040" ind1=" " ind2=" ">
    <subfield code="a">NNC</subfield>
    <subfield code="b">NNC</subfield>
  </datafield>
  <datafield tag="041" ind1="0" ind2=" ">
    <subfield code="a">ara</subfield>
  </datafield>
  <datafield tag="050" ind1=" " ind2="4">
    <subfield code="a">BJ1608.A7</subfield>
    <subfield code="b">I18 1911</subfield>
  </datafield>
  <datafield tag="100" ind1="0" ind2=" ">
    <subfield code="6">880-01</subfield>
    <subfield code="a">Ibn al-Muqaffaʻ,</subfield>
    <subfield code="d">-approximately 760.</subfield>
  </datafield>
  <datafield tag="245" ind1="1" ind2="3">
    <subfield code="6">880-02</subfield>
    <subfield code="a">al-Adab al-ṣaghīr li-Ibn al-Muqaffaʻ /</subfield>
    <subfield code="c">bi-taḥqīq Aḥmad Zakī Bāshā.</subfield>
  </datafield>
  <datafield tag="250" ind1=" " ind2=" ">
    <subfield code="6">880-03</subfield>
    <subfield code="a">al-Ṭabʻah 1.</subfield>
  </datafield>
  <datafield tag="260" ind1=" " ind2=" ">
    <subfield code="6">880-04</subfield>
    <subfield code="a">[Miṣr? :</subfield>
    <subfield code="b">Jamʻīyat al-ʻUrwah al-Wuthqá al-Khayrīyah al-Islamīyah, Maṭbaʻat Madrasat Muḥammad ʻAlī al-Ṣināʻīyah],</subfield>
    <subfield code="c">1329 [1911]</subfield>
  </datafield>
  <datafield tag="300" ind1=" " ind2=" ">
    <subfield code="a">155 p. ;</subfield>
    <subfield code="c">18 cm.</subfield>
  </datafield>
  <datafield tag="651" ind1=" " ind2="0">
    <subfield code="a">Islamic Empire</subfield>
    <subfield code="x">Court and courtiers.</subfield>
  </datafield>
  <datafield tag="650" ind1=" " ind2="0">
    <subfield code="a">Conduct of life.</subfield>
  </datafield>
  <datafield tag="700" ind1="0" ind2=" ">
    <subfield code="a">Aḥmad Zakī,</subfield>
    <subfield code="d">approximately 1866-1934.</subfield>
  </datafield>
  <datafield tag="880" ind1="0" ind2=" ">
    <subfield code="6">100-01/r</subfield>
    <subfield code="a">ابن المقفع،</subfield>
    <subfield code="d">-approximately 760.</subfield>
  </datafield>
  <datafield tag="880" ind1="1" ind2="2">
    <subfield code="6">245-02/r</subfield>
    <subfield code="a">الأدب الصغير لابن المقفع /</subfield>
    <subfield code="c">بتحقيق احمد زكي باشا.</subfield>
  </datafield>
  <datafield tag="880" ind1=" " ind2=" ">
    <subfield code="6">250-03/r</subfield>
    <subfield code="a">الطبعة 1.</subfield>
  </datafield>
  <datafield tag="880" ind1=" " ind2=" ">
    <subfield code="6">260-04/r</subfield>
    <subfield code="a">[مصر؟ :</subfield>
    <subfield code="b">جمعية العروة الوثقى الخيرية الإسلامية، مطبعة مدرسة محمد علي الصناعية]،</subfield>
    <subfield code="c">1329 [1911]</subfield>
  </datafield>
  <datafield tag="955" ind1=" " ind2=" ">
    <subfield code="b">0072643803</subfield>
    <subfield code="d">glx</subfield>
    <subfield code="e">BJ1608.A7 I18 1911g</subfield>
  </datafield>
</record>
</collection>